001  0000125
005  20180822155357.230
008  170704s||||     bl|||||||||||||||||por|u
020    $a9789592193086
040    $aPorto Alegre$bpor
080    $282-93-Verde$a1997
090    $a82-93-Verde$bA668n
100 1  $aArce, Márcia Jiménez
245 10 $aNicoco$bEl tamborero$cMarcia Jiménez Arce
260    $a Cuba$bLoynaz$c2009
300    $a27p.
650    $aLiteratura infantil
650    $aLiberdade
650    $aTambor
650    $aCultura afro
